<record><leader>00000cas a22000007a 4500</leader><controlfield tag="001">27175683</controlfield><controlfield tag="008">921228d19611965wyudn ne      0    0eng d</controlfield><datafield ind1=" " ind2=" " tag="010"><subfield code="a">sn 92067226 </subfield></datafield><datafield ind1=" " ind2=" " tag="040"><subfield code="a">NVO</subfield><subfield code="b">eng</subfield><subfield code="c">NVO</subfield><subfield code="d">OCLCQ</subfield></datafield><datafield ind1=" " ind2=" " tag="042"><subfield code="a">msc</subfield></datafield><datafield ind1="0" ind2="0" tag="245"><subfield code="a">Rock Springs miner and Rock Springs rocket.</subfield></datafield><datafield ind1="1" ind2="3" tag="246"><subfield code="a">Rock Springs daily rocket and Rock Springs miner</subfield></datafield><datafield ind1="3" ind2="0" tag="246"><subfield code="a">Rock Springs miner</subfield></datafield><datafield ind1="1" ind2="3" tag="246"><subfield code="a">Sunday Rock Springs (Wyo.) miner</subfield></datafield><datafield ind1="1" ind2="3" tag="246"><subfield code="a">Sunday Rock Springs miner</subfield></datafield><datafield ind1="3" ind2="0" tag="246"><subfield code="a">Daily rocket</subfield></datafield><datafield ind1="1" ind2="3" tag="246"><subfield code="a">Rock Springs (Wyo.) daily rocket</subfield></datafield><datafield ind1=" " ind2=" " tag="260"><subfield code="a">Rock Springs, Wyo. :</subfield><subfield code="b">Rock Springs Newspapers</subfield></datafield><datafield ind1=" " ind2=" " tag="300"><subfield code="a">v.</subfield></datafield><datafield ind1=" " ind2=" " tag="310"><subfield code="a">Daily (except and Monday)</subfield></datafield><datafield ind1="0" ind2=" " tag="362"><subfield code="a">Vol. 81, no. 41 (Oct. 8, 1961)-v. 85, no. 22 (May 30, 1965).</subfield></datafield><datafield ind1=" " ind2=" " tag="515"><subfield code="a">Tuesday through Saturday issues continue numbering of: The Rock Springs rocket, Vol. 53, no. 201 (Oct. 10, 1961)-v. 57, no. 111 (June 4, 1965).</subfield></datafield><datafield ind1=" " ind2=" " tag="580"><subfield code="a">Tuesday through Saturday issues called: The Rock Springs daily rocket and Rock Springs miner.</subfield></datafield><datafield ind1=" " ind2="4" tag="651"><subfield code="a">Rock Springs (Wyo.)</subfield><subfield code="v">Newspapers.</subfield></datafield><datafield ind1=" " ind2="4" tag="651"><subfield code="a">Sweetwater County (Wyo.)</subfield><subfield code="v">Newspapers.</subfield></datafield><datafield ind1=" " ind2=" " tag="752"><subfield code="a">United States</subfield><subfield code="b">Wyoming</subfield><subfield code="c">Sweetwater</subfield><subfield code="d">Rock Springs.</subfield></datafield><datafield ind1="0" ind2="4" tag="780"><subfield code="t">Rock Springs daily rocket</subfield></datafield><datafield ind1="0" ind2="4" tag="780"><subfield code="t">Rock Springs Sunday miner</subfield><subfield code="w">(DLC)sn 92067227</subfield></datafield><datafield ind1="0" ind2="0" tag="785"><subfield code="t">Rock Springs daily rocket-miner</subfield><subfield code="w">(DLC)sn 87008332</subfield></datafield><datafield ind1="1" ind2=" " tag="029"><subfield code="a">AU@</subfield><subfield code="b">000020720301</subfield></datafield></record>